<collection xmlns="http://www.loc.gov/MARC21/slim">
<record>
  <leader>00990nam0a2200181 i 450 </leader>
  <controlfield tag="001">IT\ICCU\CNCE\049024</controlfield>
  <controlfield tag="005">20000124000000.0</controlfield>
  <datafield tag="012" ind1=" " ind2=" ">
    <subfield code="a">l-ua nara i,o- o.ti (C) 1593 (A)</subfield>
    <subfield code="2">fei</subfield>
  </datafield>
  <datafield tag="100" ind1=" " ind2=" ">
    <subfield code="a">19991005d1593        0itac0103    ba</subfield>
  </datafield>
  <datafield tag="101" ind1=" " ind2=" ">
    <subfield code="a">ITA</subfield>
  </datafield>
  <datafield tag="102" ind1=" " ind2=" ">
    <subfield code="a">IT</subfield>
  </datafield>
  <datafield tag="200" ind1="1" ind2=" ">
    <subfield code="a">℗Il ℗ricettario sopra le diuerse aposteme d&apos;amore, del m. eccellen. fisico, et naturale filosofo, delle cose secrete d&apos;amore famoso messere Ermolao de i Debili. Ad vtilit,̉ &amp; sanit ̉di donne, &amp; huomini, gionani \!!, vecchi, &amp; vecchie, nouamente posto in luce. Con autorit,̉ et priuilegi amplissmi, come nella sua bolla appare, et nello stendardo dipinto, et spiegato per vniuersum orbis terrarum</subfield>
  </datafield>
  <datafield tag="210" ind1=" " ind2=" ">
    <subfield code="a">In Verona</subfield>
    <subfield code="c">per Sebastiano</subfield>
    <subfield code="d">et Francesco dalle Donne fratelli</subfield>
    <subfield code="d">1593</subfield>
  </datafield>
  <datafield tag="215" ind1=" " ind2=" ">
    <subfield code="a">\8! c.</subfield>
    <subfield code="d">8ʻ</subfield>
  </datafield>
  <datafield tag="620" ind1=" " ind2=" ">
    <subfield code="a">IT</subfield>
    <subfield code="d">Verona</subfield>
  </datafield>
  <datafield tag="712" ind1="0" ind2="0">
    <subfield code="a">Dalle_Donne, Sebastiano &amp; Dalle_Donne, Francesco</subfield>
    <subfield code="3">IT\ICCU\CNCT\001937</subfield>
    <subfield code="4">650</subfield>
  </datafield>
  <datafield tag="801" ind1=" " ind2="3">
    <subfield code="a">IT</subfield>
    <subfield code="b">ICCU</subfield>
    <subfield code="c">20201115</subfield>
  </datafield>
  <datafield tag="899" ind1=" " ind2=" ">
    <subfield code="a">Biblioteca comunale dell&apos;Archiginnasio. Bologna</subfield>
    <subfield code="1">BO0304</subfield>
    <subfield code="2">UBO GA</subfield>
  </datafield>
</record>
</collection>
